<record><leader>00000cas a22000007a 4500</leader><controlfield tag="001">28658080</controlfield><controlfield tag="008">930819c19779999mauwr ne      0    0eng d</controlfield><datafield ind1=" " ind2=" " tag="010"><subfield code="a">   94055581 </subfield></datafield><datafield ind1=" " ind2=" " tag="040"><subfield code="a">EM#</subfield><subfield code="b">eng</subfield><subfield code="c">EM#</subfield><subfield code="d">MGN</subfield><subfield code="d">OCLCQ</subfield></datafield><datafield ind1=" " ind2=" " tag="037"><subfield code="b">North Shore Weeklies, Inc. 2 Washington St., Box 192, Ipswich, Ma. 01938.</subfield></datafield><datafield ind1=" " ind2=" " tag="042"><subfield code="a">msc</subfield></datafield><datafield ind1="0" ind2="0" tag="245"><subfield code="a">North Shore Sunday.</subfield></datafield><datafield ind1=" " ind2=" " tag="260"><subfield code="a">Danvers, Mass. :</subfield><subfield code="b">Bill Wasserman [i.e. William S. Wasserman, Jr.]</subfield></datafield><datafield ind1=" " ind2=" " tag="300"><subfield code="a">v. :</subfield><subfield code="b">ill.</subfield></datafield><datafield ind1=" " ind2=" " tag="310"><subfield code="a">Weekly</subfield></datafield><datafield ind1="0" ind2=" " tag="362"><subfield code="a">Aug. 14, 1977-</subfield></datafield><datafield ind1=" " ind2=" " tag="515"><subfield code="a">Volume numbering began with vol. 2, no. 1 (Aug. 13, 1978).</subfield></datafield><datafield ind1=" " ind2=" " tag="752"><subfield code="a">United States</subfield><subfield code="b">Massachusetts</subfield><subfield code="c">Essex</subfield><subfield code="d">Danvers.</subfield></datafield></record>